@book{temperley2007music,
  title={Music and probability},
  author={Temperley, David},
  publisher={MIT Press},
  year={2007}
}
@article{temperley2009unified,
  author={Temperley, David},
  title={A Unified Probabilistic Model for Polyphonic Music Analysis},
  journal={Journal of New Music Research},
  volume={38},
  number={1},
  pages={3-18},
  year={2009},
}
@article{temperley2010modeling,
 title={Modeling Common-Practice Rhythm},
 author={Temperley, David},
 journal={Music Perception},
 volume={27},
 pages={355-376},
 year={2010},
}
@article{rhodes2009bayesian,
 title={Bayesian Model Selection for Harmonic Labelling},
 author={Rhodes, Christophe and Lewis, David and M{\"u}llensiefen, Daniel},
 booktitle={Mathematics and Computation in Music},
 series = {Communications in Computer and Information Science},
 number = {37},
 pages={107-116},
 year={2009},
 publisher={Springer}
}
@article{longuet1976perception,
  title={Perception of melodies.},
  author={Longuet-Higgins, H.C.},
  journal={Nature},
  year={1976},
  publisher={Nature Publishing Group}
}
@article{desain1999computational,
  title={Computational models of beat induction: The rule-based approach},
  author={Desain, P. and Honing, H.},
  journal={Journal of New Music Research},
  volume={28},
  number={1},
  pages={29--42},
  year={1999},
  publisher={Taylor \& Francis}
}
@article{sadakata2006bayesian,
  title={The Bayesian way to relate rhythm perception and production},
  author={Sadakata, M. and Desain, P. and Honing, H.},
  journal={Music Perception},
  volume={23},
  number={3},
  pages={269--288},
  year={2006},
  publisher={JSTOR}
}
@article{cemgil2000rhythm,
  title={Rhythm quantization for transcription},
  author={Cemgil, A.T. and Desain, P. and Kappen, B.},
  journal={Computer Music Journal},
  volume={24},
  number={2},
  pages={60--76},
  year={2000},
  publisher={MIT Press}
}
@article{honing2006computational,
  title={Computational modeling of music cognition: A case study on model selection},
  author={Honing, H.},
  journal={Music Perception},
  volume={23},
  number={5},
  pages={365--376},
  year={2006},
  publisher={JSTOR}
}
@article{cemgil2003monte,
  title={Monte Carlo methods for tempo tracking and rhythm quantization},
  author={Cemgil, A.T. and Kappen, B.},
  journal={Journal of Artificial Intelligence Research},
  volume={18},
  number={1},
  pages={45--81},
  year={2003}
}
@article{raphael2002hybrid,
  title={A hybrid graphical model for rhythmic parsing},
  author={Raphael, C.},
  journal={Artificial Intelligence},
  volume={137},
  number={1},
  pages={217--238},
  year={2002},
  publisher={Elsevier}
}
@book{lerdahl1983generative,
  title={A generative theory of tonal music},
  author={Lerdahl, F. and Jackendoff, R.S.},
  year={1983},
  publisher={The MIT Press}
}
@article{desain1993tempo,
author = {Desain, Peter and Honing, Henkjan},
journal = {Contemporary Music Review},
number = {2},
pages = {123--138},
title = {{Tempo curves considered harmful}},
volume = {7},
year = {1993}
}
@article{desain1994does,
author = {Desain, Peter and Honing, Henkjan},
title = {{Does expressive timing in music performance scale proportionally with tempo?}},
journal = {Psychological Research},
pages = {285--292},
volume = {56},
year = {1994}
}
@article{honing2008swing,
author = {Honing, Henkjan and Haas, W Bas De},
journal = {Music Perception},
keywords = {drumming,jazz,music performance},
number = {5},
pages = {471--476},
title = {{Swing Once More: Relating Timing and Tempo in Expert Jazz Drumming}},
volume = {25},
year = {2008}
}
@article{honing2001from,
author = {Honing, Henkjan},
journal = {Computer Music Journal},
number = {3},
pages = {50--61},
title = {{From Time to Time : The Representation of Timing and Tempo}},
volume = {25},
year = {2001}
}
@article{honing2002structure,
author = {Honing, Henkjan},
journal = {Tijdschrift voor Muziektheorie},
number = {3},
title = {{Structure and Interpretation of Rhythm and Timing}},
volume = {7},
year = {2002}
}
@article{friberg2002swing,
author = {Friberg, Anders and Sundstr\"{o}m, Andreas},
journal = {Music Perception: An Interdisciplinary Journal},
number = {3},
pages = {333--349},
title = {{Swing Ratios and Ensemble Timing in Jazz Performance: Evidence for a Common Rhythmic Pattern}},
volume = {19},
year = {2002}
}
@inproceedings{smith2006evaluating,
author = {Smith, Leigh M. and Honing, Henkjan},
booktitle = {Proceedings of the International Computer Music Conference},
file = {:home/bastiaan/Courses/IRP/Lit/smith-honing-2006.pdf:pdf},
pages = {688--691},
title = {{Evaluating and Extending Computational Models of Rhythmic Syncopation in Music}},
year = {2006}
}
